@article{scikit-learn,
 title={Scikit-learn: Machine Learning in {P}ython},
 author={Pedregosa, F. and Varoquaux, G. and Gramfort, A. and Michel, V.
         and Thirion, B. and Grisel, O. and Blondel, M. and Prettenhofer, P.
         and Weiss, R. and Dubourg, V. and Vanderplas, J. and Passos, A. and
         Cournapeau, D. and Brucher, M. and Perrot, M. and Duchesnay, E.},
 journal={Journal of Machine Learning Research},
 volume={12},
 pages={2825--2830},
 year={2011}
}
@inproceedings{zhu2009,
  title={MedLDA: maximum margin supervised topic models for regression and classification},
  author={Zhu, Jun and Ahmed, Amr and Xing, Eric P},
  booktitle={Proceedings of the 26th Annual International Conference on Machine Learning},
  pages={1257--1264},
  year={2009},
  organization={ACM}
}

@inproceedings{lacoste2009,
  title={DiscLDA: Discriminative learning for dimensionality reduction and classification},
  author={Lacoste-Julien, Simon and Sha, Fei and Jordan, Michael I},
  booktitle={Advances in neural information processing systems},
  pages={897--904},
  year={2009}
}
@book{bird2009,
  title={Natural language processing with Python},
  author={Bird, Steven and Klein, Ewan and Loper, Edward},
  year={2009},
  publisher={" O'Reilly Media, Inc."}
}

@article{bishop2006pattern,
  title={Pattern recognition},
  author={Bishop, Christopher M},
  journal={Machine Learning},
  volume={128},
  pages={1--58},
  year={2006}
}

@article{pham2016anomaly,
  title={Anomaly Detection in Bitcoin Network Using Unsupervised Learning Methods},
  author={Pham, Thai and Lee, Steven},
  journal={arXiv preprint arXiv:1611.03941},
  year={2016}
}

@article{poikonenunsupervised,
  title={Unsupervised Learning of Bitcoin Transaction Data},
  author={Poikonen, Stefan}
}

@article{hirshman2013unsupervised,
  title={Unsupervised approaches to detecting anomalous behavior in the bitcoin transaction network},
  author={Hirshman, Jason and Huang, Yifei and Macke, Stephen},
  year={2013},
  journal={Technical report, Stanford University}
}

@article{Lee2001,

 title={Algorithms for non-negative matrix factorization},
 author={Lee, D. D., and Seung, H. S.},
 journal={Advances in neural information processing systems},
 pages={556--562},
 year={2001}
}

@article{murthy2012adaptive,
  title={Adaptive computation and machine learning: machine learning: a probabilistic perspective},
  author={Murthy, K},
  year={2012},
  publisher={MIT Press}
}

@article{Liben‐Nowell2007,
  title={The link‐prediction problem for social networks},
  author={Liben‐Nowell, D., and Kleinberg, J.},
  journal={Journal of the Association for Information Science and Technology},
  volume={58(7)},
  pages={1019--1031},
  year={2007}
}


@article{Strauss2016,
  title={Benefits and Costs of Earthquake Early Warning},
  author={Strauss, J.A., and Allen, R. M.},
  journal={Seismo. Res. Lett.},
  volume={87},
  pages={765--772},
  year={2016}
}

@article{Allen2009,
  title={The Status of Earthquake Early Warning around the World: An Introductory Overview},
  author={Allen, R.M., and Gasparini, P., and Kamigaichi, O., and Bose, M. },
  journal={Seismo. Res. Lett.},
  volume={80(5)},
  pages={682--693},
  year={2009}
}

@article{Bose2009,
  title={The Status of Earthquake Early Warning around the World: An Introductory Overview},
  author={Bose, M., and Hauksson, E., and Solanki, K., and Kanamori, H., and Wu, Y.-M., and Heaton, T. H.},
  journal={Bull. Seismol. Soc. Am.},
  volume={99},
  pages={897–905},
  year={2009}
}


@book{Bose2013,
  title={CISN ShakeAlert: An earthquake early warning demonstration system for California},
  author={Bose, M., and Allen, R., and Brown, H., and Cua, G., and Fischer, M., and Hauksson, E., and Heaton, T., and Hellweg, M., and Liukis, M., and Neuhauser, D., and Maechling, P., and CISN EEW Group},
  publisher={Early Warning for Geological Disasters—Scientific Methods and Current Practice},
  year={2013}
}



@article{Withers1998,
  title={The Status of Earthquake Early Warning around the World: An Introductory Overview},
  author={Withers, M., and Aster, R., and Young, C., and Beiriger, J., and Harris, M., and Moore, S., and Trujillo, J.},
  journal={Bull. Seismol. Soc. Am.},
  volume={88(1)},
  pages={95--106},
  year={1998}
}

@article{Kanamori2005,
  title={Real-time seismology and earthquake damage mitigation},
  author={Kanamori, H.},
  journal={Annu. Rev. Earth Planet. Sci.},
  volume={33},
  pages={195--214},
  year={2005}
}

@article{Allen2003,
  title={The Potential for Earthquake Early Warning in Southern California},
  author={Allen, R. M., and Kanamori, H. },
  journal={Science},
  volume={300(5620)},
  pages={786--789},
  year={2003}
}

@article{Wurman2007,
  title={Toward earthquake early warning in northern California},
  author={Wurman, G., and Allen, R. M., and Lombard, P.},
  journal={Journal of Geophysical Research: Solid Earth},
  volume={112(B8)},
  year={2007}
}

@article{Breiman2001,
  title={Random forests},
  author={Breiman, L.},
  journal={Machine learning},
  volume={45(1)},
  pages={5--32}
  year={2001}
}

@article{hastie2008,
  title={The elements of statistical learning},
  author={Hastie, T. and Tibshirani, R. and Friedman, J. },
  journal={NY Springer},
  year={2008}
}


@article{murphy2012,
  title={Machine learning: a probabilistic perspective},
  author={Murphy, K. P. },
  journal={MIT press},
  year={2012}
}